@MISC{github,
author = {GitHub},
title = {Social Coding},
howpublished = {\url{http://github.com}}
}

@MISC{top500,
author = {Top500},
title = {Top500 supercomputers},
howpublished = {\url{http://top500.org}}
}

@MISC{goldmansachs_microsoft,
author = {The Seattle Times},
title = {Goldman Sachs: Microsoft has gone from 97 percent share of computer market to 20 percent},
month = dec,
year = {2012},
howpublished = {\url{ http://seattletimes.com/html/microsoftpri0/2019853243_goldman_sachs_microsoft_os_has_gone_from_more_than.html}
}}


@MISC{gsoc2012,
author = {Google Summer of Code 2012},
title = {Students Announced for Google Summer of Code 2012},
howpublished = {\url{http://google-opensource.blogspot.it/2012/04/students-announced-for-google-summer-of.html}}
}


@MISC{gentoo_android,
author = {heroxbd},
title = {Gentoo on Android},
howpublished = {\url{http://article.gmane.org/gmane.linux.gentoo.alt/6585}}
}


@MISC{gentoo_developers,
author = {Gentoo Linux},
title = {Active Developer List},
howpublished = {\url{http://www.gentoo.org/proj/en/devrel/roll-call/userinfo.xml}}
}

@Book{gentoo_book,
author = {Frederic P. Miller and Agnes F. Vandome and John McBrewster},
title = {Gentoo Linux: Operating system, Linux kernel, Portage (software), Package management system, Free and open source software, Software distribution, Ports collection, Gentoo Penguin},
publisher = {Alpha Press},
year = {2009},
}

@Article{gentoo_rise,
author = {Marcelo S. Zanetti and Ingo Scholtes and Claudio Juan Tessone and Frank Schweitzer},
title = {The Rise and Fall of a Central Contributor: Dynamics of Social Organization and Performance in the Gentoo Community},
year = {2013},
howpublished = {\url{http://arxiv.org/abs/1302.7191}}
}

@Article{gentoo_distributed,
author = {T. Osterlie},
title = {In the network: distributed control in Gentoo Linux},
year = {2004}
}


@Article{gentoo_ng,
author = {Thiruvathukal, G.K.},
title = {Gentoo Linux: the next generation of Linux},
journal = {Computing in Science and Engineering  (Volume: 6, Issue: 5)},
year = {2004}
}

@MISC{gentoo_philosophy,
author = {Gentoo Linux},
title = {Philosophy of Gentoo},
howpublished = {\url{http://www.gentoo.org/main/en/philosophy.xml}}
}

@MISC{gentoo_irc,
author = {Gentoo Linux},
title = {IRC Resources},
howpublished = {\url{http://www.gentoo.org/main/en/irc.xml}}
}

@Book{cathedral_bazaar,
author = {Eric S. Raymond},
title = {The Cathedral and the Bazaar: Musings on Linux and Open Source by an Accidental Revolutionary},
publisher = {O'Reilly Media},
year = {1999},
}

@MISC{gentoo_portage,
author = {Gentoo Linux},
title = {An Introduction to Portage},
howpublished = {\url{http://www.gentoo.org/doc/en/handbook/handbook-x86.xml?part=2&chap=1}}
}


@MISC{gentoo_pms,
author = {Gentoo Linux},
title = {PMS, Package manager specification},
howpublished = {\url{http://www.gentoo.org/proj/en/qa/pms.xml}}
}

@MISC{wikipedia_distros,
author = {Wikipedia},
title = {List of Linux distributions},
howpublished = {\url{https://en.wikipedia.org/wiki/List_of_Linux_distributions}}
}

@MISC{arch_flaghelp,
author = {Arch Linux},
title = {Flagging packages},
howpublished = {\url{https://www.archlinux.org/packages/flaghelp/}}
}

@MISC{debian_qa,
author = {Debian},
title = {Debian package tracking system},
howpublished = {\url{http://packages.qa.debian.org/}}
}

@MISC{arch_scanner,
author = {Arch Linux and Anatol Pomozov},
title = {Mark outdated packages automatically},
howpublished = {\url{https://bugs.archlinux.org/task/34447}}
}

@MISC{macports_livecheck,
author = {Macports},
title = {Livecheck / Distcheck},
howpublished = {\url{https://www.macports.org/guide/chunked/reference.livecheck.html}}
}

@MISC{euscan_announcement,
author = {Corentin Chary},
title = {Euscan proof of concept},
howpublished = {\url{http://www.linux-archive.org/gentoo-development/503557-euscan-proof-concept-like-debians-uscan.html}}
}

@MISC{euscan_chromium,
author = {Corentin Chary},
title = {Introducing Euscan: ebuild upstream scanner},
howpublished = {\url{https://groups.google.com/a/chromium.org/d/msg/chromium-os-dev/cHjgeV9NmOA/jPm7KcWQGrwJ}}
}

@MISC{celery_doc,
author = {Celery project},
title = {Celery documentation},
howpublished = {\url{http://docs.celeryproject.org/en/latest/reference/celery.html}}
}

@MISC{django_orm,
author = {Django project},
title = {Queryset API reference},
howpublished = {\url{https://docs.djangoproject.com/en/dev/ref/models/querysets/#django.db.models.query.QuerySet.prefetch_related}}
}

@MISC{glep46,
author = {Gentoo Linux project},
title = {Gentoo Linux Enhancement Proposal \#46},
howpublished = {\url{http://www.gentoo.org/proj/en/glep/glep-0046.html}}
}

@MISC{distromatch,
author = {Enrico Zini},
title = {Distromatch: Match package names across distributions},
howpublished = {\url{http://enricozini.org/2011/debian/distromatch/}}
}

@MISC{distromatch_fosdem,
author = {FOSDEM 2012},
title = {I wrote Distromatch, shall we use it?},
howpublished = {https://archive.fosdem.org/2012/schedule/event/distromatch}}
}

@MISC{distromatch_away,
author = {Enrico Zini},
title = {Giving away Distromatch},
howpublished = {\url{http://www.enricozini.org/2012/debian/giving-away-distromatch/}}
}
